@ARTICLE{Malley,
author = {C. O'Malley and A. Manches and S. Benford},
year = 2009,
title = {The role of physical representations in solving number problems: A comparison of young
children’s use of physic
.al and virtual materials},
journal = {Computers and Education},
volume = 54,
number  = 3,
pages = {622--640},
}


@ARTICLE{Bailey,
author = {J. Bailey and H. Weippert},
year = 1994,
title = {Educational computing challenges for early childhood educators},
journal = {Australian Journal of Early Childhood},
volume = 16,
number  = 3,
pages = {28--33},
}

@ARTICLE{McNerney,
author = {T. S. McNerney},
year = 2004,
title = {From turtles to Tangible Programming Bricks: explorations in physical
language design},
journal = {Pers Ubiquit Comput},
volume = 8,
number  = 3,
pages = {326--337},
}

@ARTICLE{Wing,
author = {J. M. Wing},
year = 2006,
title = {Computational thinking},
journal = {Communications of the ACM},
volume = 49,
number  = 3,
pages = {33--35},
}

@ARTICLE{Shackel,
author = {B. Shackel},
year = 1997,
title = {Human–computer interaction: whence and whither},
journal = {American Society for Information Science},
volume = 48,
number  = 11,
pages = {970--986},
}


@ARTICLE{Kazakoff,
author = {E. R. Kazakoff and A. A. Sullivan and M. U. Bers},
year = 2013,
title = {The effect of a classroom-based intensive robotics and programming workshop on sequencing ability in early childhood},
journal = {Early Childhood Education Journal},
volume = 41,
number  = 4,
pages = {245--255},
}

@ARTICLE{Horn,
author = {M. S. Horn and J. R. Crouser and M. U. Bers},
year = 2012,
title = {Tangible interaction and learning: the case for a hybridapproach},
journal = {Personal and Ubiquitous Computing},
volume = 16,
number  = 4,
pages = {379--389},
}

@ARTICLE{Cheng,
author = {L. K. Cheng and C. S. Der and M. S. Sidhu and R. Omar},
year = 2011,
title = {GUI versus TUI: Engagement for children with no prior computing experience},
journal = {Electronic Journal of Computer Science and Information Technology},
volume = 3,
number  = 1,
pages = {31--39},
}

@ARTICLE{Strawhacker,
author = {A. Strawhacker and M. U. Bers},
year = 2015,
title = {I want my robot to look for food”: Comparing Kindergartner’s programming comprehension using tangible, graphic, and hybrid user interfaces},
journal = {International Journal of Technology and Design Education},
volume = 25,
number  = 3,
pages = {293--319},
}

@ARTICLE{Wang_2015,
author = {D. Wang and T. Wang and Z. Liu},
year = 2015,
title = {A tangible programming tool for children to cultivate computational thinking},
journal = {The Scientific World Journal},
note = {art. no. 428080},
pages = {10},
}

@ARTICLE{Guzdial,
author = {M. Guzdial},
year = 2008,
title = {Education: paving the way for computational thinking},
journal = {Communications of the ACM},
volume = 51,
number  = 8,
pages = {25--27},
}

@ARTICLE{Lee,
author = {I. Lee and F. Martin and J. Denner},
year = 2011,
title = {Computational thinking for youth in practice},
journal = {ACM Inroads},
volume = 2,
number  = 1,
pages = {32--37},
}

@ARTICLE{Sapounidis,
author = {T. Sapounidis and S. Demetriadis and I. Stamelos},
year = 2015,
title = {Evaluating children performance with graphical and tangible robot programming tools},
journal = {Personal and Ubiquitous Computing},
volume = 19,
number  = 1,
pages = {225--237},
}

@conference{Tangicons,
author = {F. Scharf and T. Winkler and C. Hahn and C. Wolters and M. Herczeg},
year = 2012,
title = {Tangicons 3.0: an educational non-competitive collaborative game},
booktitle = {IDC '12 Proceedings of the 11th International Conference on Interaction Design and Children},
volume = {},
pages = {144--151},
publisher    = {ACM}, 
}

@conference{pCubee,
  author = {I. Stavness and B. Lam and S. Fels},
  title        = {pCubee: A Perspective-Corrected Handheld Cubic Display},  
  booktitle    = {28th Annual CHI Conference on Human Factors in Computing Systems},
  year         = {2010},
  volume       = {2},
  pages        = {1381--1390},
  publisher    = {ACM},  
}


@conference{Bers,
  author = {M.U Bers and M. S. Horn},
  title        = {Tangible programming in early childhood: revisiting developmental assumptions through new technologies},  
  booktitle    = {High-tech tots: childhood in a digital world},
  year         = {2009},
  editor       = {I. R. Berson and M. J. Berson},
  volume       = {},
  pages        = {49--70},
  publisher    = {Information Age Publishing},  
}

@conference{Quetzal,
  author = {M. S. Horn and R. J. K. Jacob},
  title        = {Designing tangible programming languages for classroom use},  
  booktitle    = {Conference: Proceedings of the 1st International Conference on Tangible and Embedded Interaction},
  year         = {2007},
  volume       = {},
  pages        = {159},
  publisher    = {ACM Press},  
}


@conference{Merrill,
  author = {D. Merrill and E. Sun and J. Kalanithi},
  title        = {Sifteo Cubes},  
  booktitle    = {CHI ’12 Extended Abstracts on Human Factors in Computing Systems },
  year         = 2012,
  editor       = {},
  pages        = {},
  publisher    = {ACM},  
}

@conference{Wang_T-Maze,
  author = {D. Wang and C. Zhang and H. A. Wang},
  title        = {T-Maze: a tangible programming tool for children},  
  booktitle    = {Proceedings of the 10th International Conference on Interaction Design and Children },
  year         = 2011,
  editor       = {},
  pages        = {},
  publisher    = {ACM},  
}

@conference{Wang_TanPro-kit,
  author = {D. Wang and Y. Zhang and T. Wang},
  title        = {TanPro-kit: a tangible programming tool for children},  
  booktitle    = {Proceedings of the 12th International Conference on Interaction Design and Children },
  year         = 2013,
  editor       = {},
  pages        = {344--347},
  publisher    = {ACM},  
}

@conference{Suzuki,
  author = {H. Suzuki anda H. Kato},
  title        = {AlgoBlock: a tangible programming language, a tool for collaborative learning},  
  booktitle    = {Proceedings of the 4th European Logo conference (Eurologo’93)},
  year         = 1993,
  editor       = {},
  pages        = {297--303},
  publisher    = {Ibaraki University},  
}

@conference{Wyeth,
  author = {P. Wyeth and H. Purchase},
  title        = {Tangible Programming elements for young children},  
  booktitle    = {Extended abstracts from the proceedings of the CHI 2002 conference on human factors
in computing systems},
  year         = 2002,
  editor       = {},
  pages        = {774--775},
  publisher    = {ACM Press},  
}


@conference{Curzon,
  author = {P. Curzon and J. Peckham and A. Settle and E. Roberts and H. Taylor},
  title        = {Computational thinking(CT): on weaving it in},  
  booktitle    = {Proceedings of the 14th Annual ACM SIGCSE Conference on Innovation and Technology in Computer Science Education (ITiCSE ’09)},
  year         = 2009,
  editor       = {},
  pages        = {201--202},
  publisher    = {ACM},  
}


@conference{Heureux,
  author       = {J. L’Heureux and D. Boisvert and K. Sanghera and R. Cohen},  
  title        = {IT problem solving: an implementation of computational thinking in information technology},  
  booktitle    = {Proceedings of the 13th Annual Conference on Information Technology Education (SIGITE ’12)},
  year         = 2012,
  editor       = {},
  pages        = {183--188},
  publisher    = {ACM},  
}

@conference{Marshall,
  author       = {P. Marshall and S.Price and Y. Rogers},  
  title        = {Conceptualising tangibles to support learning},  
  booktitle    = {Proceedings of the Interaction Design and Children (IDC’03)},
  year         = 2003,
  editor       = {},
  publisher    = {ACM Press},  
}

@conference{Manches,
  author       = {A. Manches and S. Price},  
  title        = {Designing learning representations around physical manipulation: Hands and objects},  
  booktitle    = {10th international conference on interaction design and children},
  year         = 1998,
  editor       = {},
  publisher    = {ACM Press},  
}

@conference{Resnick,
  author       = {M. Resnick and F. Martin and R. Berg and R. Borovoy and V. Colella and K. Kramer},  
  title        = {Digital manipulatives: New toys to think},  
  booktitle    = {SIGCHI conference on human factors in computing systems},
  year         = 1998,
  editor       = {M. E. Atwood and C. Karat and A. Lund and J. Coutaz and J. Karat},
  publisher    = {ACM Press},  
}


@conference{Vygotsky,
  author       = {L. Vygotsky},  
  title        = {Interaction between learning and development},  
  booktitle    = {Mind and Society},
  year         = 1978,
  editor       = {M. Gauvain and M. Cole},
  pages        = {79--91},
  publisher    = {Harvard University Press},  
}


@conference{Xu,
  author       = {D. Xu},  
  title        = {Tangible user interface for children—an overview},  
  booktitle    = {Sixth Conference in the Department of Computing},
  year         = 2005,
  editor       = {},
  publisher    = {University of Central Lancashire},  
}

@conference{Quarles,
  author       = {J. Quarles and S. Lampotang and I. Fischler and P. Fishwick and B. Lok},  
  title        = {Tangible user interfaces compensate for low spatial cognition},  
  booktitle    = {IEEE symposium on 3D user interfaces},
  year         = 2008,
  editor       = {},
  publisher    = {IEEE},  
}

@conference{Xie,
  author       = {L. Xie and A. N. Antle and N. Motamedi},  
  title        = {Are tangibles more fun? Comparing children’s enjoyment and engagement using physical, graphical, and tangible user interfaces},  
  booktitle    = {Second International Conference on Tangible and Embedded Interaction},
  year         = 2008,
  editor       = {B. C. Surrey},
  publisher    = {School of Interactive Arts and Technology},  
}

@conference{Ishii,
  author       = {H. Ishii},  
  title        = {Tangible user interfaces},  
  booktitle    = {CHI '06 Extended Abstracts on Human Factors in Computing Systems},
  year         = 2006,
  editor       = {},
  publisher    = {ACM},  
}

@mastersthesis{McNerneyBricks,
  author       = {T. McNerney}, 
  title        = {Tangible Programming Bricks: an ap- proach to making programming accessible to everyone},
  school       = {University of Cambridge, Massachusetts},
  year         = 2000,
  note         = {Computer Science and Artificial Intelligence Laboratory}
}

@mastersthesis{Kim,
  author       = {J. M. Kim and M. L. Maher}, 
  title        = {Comparison of designers using a tangible user interface and a graphical user interface and the impact on spatial cognition },
  school       = {University of Sydney, Australia},
  year         = 2006,
  note         = {Centre of Design Computing and Cognition}
}

@mastersthesis{Ploderer,
  author       = {B. Ploderer}, 
  title        = {Tangible User Interfaces: Potentials Inherent in Tangible User Interfaces for Simplified Handling of Computer Applications},
  school       = {University of Applied Sciences FH JOANNEUM, Austria},
  year         = 2005,
}

@mastersthesis{Artola,
  author       = {V. Artola}, 
  title        = {Interacción tangible en aplicaciones educativas. Diseño e implementación de un prototipo basado en este paradigma de interacción orientado al aprendizaje},
  school       = {Universidad Nacional de La Plata, Buenos Aires. Argentina},
  year         = 2013,
}


@MANUAL{Grover,
author = {S. Grover},
year = 2009,
title = {Expanding the Technology Curriculum to Include Foundational Elements of Computer Science for K-8},
address = {http://www.thesmartbean.com/magazine/home-schooling/ expanding-the-technology-curriculum-foundational-elements-of-computer-science-for-k-8 },
}

@MANUAL{Mpad,
author = {Varios Autores},
title = {MPad series},
year = {2012},
address = {http://www.playmore.com.hk/company/achievements},
urldate = {11-11-2012},
}

@MANUAL{Awwwards,
author = {Awwwards Team},
title = {Chrome Super Sync Sports},
year = {2007},
address = {http://www.awwwards.com/site-of-the-month-may-2013-chrome-super-sync-sports.html},
urldate = {01-07-2007},
}

@MANUAL{Scratch,
author = {Grupo Lifelong Kindergarten},
title = {Scratch-MIT},
year = {2017},
address = {https://scratch.mit.edu/},
urldate = {09-01-2017},
}

@MANUAL{WeDo,
author = {LEGO-Education},
title = {WeDo},
year = {2017},
address = {http://www.legoeducation.us},
urldate = {09-01-2017},
}

@BooK{Schwaber,
  author = 	 {K. Schwaber},
  title = 	 {SCRUM Development Process},
  publisher = {Advanced Development Methods Inc.},
  edition = {First},
  year = 	 {1997}, 
}
.
@BooK{Zimmer,
  author = 	 {R. Zimmer},
  title = 	 {Motorik und Persönlichkeitsentwicklung bei Kindern},
  publisher = {Hofmann Verlag GmbH},
  edition = {First},
  year = 	 {1996}, 
}

@BooK{Zahner,
  author = 	 {L. Zahner and U. Pühse and C. Stüssi and J. Schmid and A, Dössegger},
  title = 	 {Aktive Kindheit – gesund durchs Leben. Handbuch für Fachpersonen},
  publisher = {Magglingen: BASPO},
  edition = {First},
  year = 	 {2004}, 
}



@BooK{ScratchWeDo,
  author = 	 {J. C. Olabe and X. Basogain and M. A. Olabe and I. Maíz and C. Castaño},
  title = 	 {Education in a technological worl: communicating current and emerging research and technological efforts},
  publisher = {A. Méndez-Vilas},
  edition = {First},
  year = 	 {2011}, 
}


@BooK{Beaty,
  author = 	 {J. J. Beaty},
  title = 	 {Skills for preschool teachers},
  publisher = {Charles E. Merrill Publishing Company},
  edition = {First},
  year = 	 {1984}, 
}

@BooK{LegoLogo,
  author = 	 {F. Martin and M, Resnick},
  title = 	 {LEGO/Logo and electronic bricks: creating a scienceland for children},
  publisher = {Advanced educational technologies for mathematics and science},
  edition = {First},
  year = 	 {1993}, 
}


@BooK{Wang_E-BLOCKS,
  author = 	 {D. Wang and Y. Zhang and S. Chen},
  title = 	 {E-Block: A Tangible Programming Tool with Graphical Blocks},
  publisher = {Mathematical Problems in Engineering},
  edition = {First},
  year = 	 {2013}, 
}


@BooK{Levin,
  author = 	 {M.Levin},
  title = 	 {Designing Multi-Device Experiences},
  publisher = {O'Reilly},
  edition = {First},
  year = 	 {2014}, 
}

@BooK{Piaget,
  author = 	 {J. Piaget},
  title = 	 {The language and thought of the child},
  publisher = {Humanities Press},
  edition = {Third},
  year = 	 {1959}, 
}

@BooK{Papert,
  author    = 	 {S. Papert},
  title     = 	 {Mindstorms: children, computers, and powerful ideas},
  publisher =    {Basic Books},
  edition   =    {Second},
  year      = 	 {1999}, 
}

@BooK{Perlman,
  author = 	 {R. Perlman},
  title = 	 {Using computer technology to provide a creative learning environment for preschool children},
  publisher = {MIT Artificial Intelligence Laboratory Publications},
  year = 	 {1976}, 
}

@BooK{Kivy,
  author = 	 {D. Phillips},
  title = 	 {Creating Apps in Kivy},
  publisher = {Oreilly},
  year = 	 {2014}, 
  edition = {First},
}
